@article{Dean2012Story,
	author = {Dean, Michelle},
	chapter = {Culture Desk},
	journal = {The New Yorker},
	title = {The Story of Amanda Todd},
	url = {http://www.newyorker.com/culture/culture-desk/the-story-of-amanda-todd},
	year = 2012
}

@techreport{Duggan2014Online,
	author = {Duggan, Maeve and Rainie, Lee and Smith, Aaron and Funk, Cary and Lenhart, Amanda and Madden, Mary},
	institution = {Pew Research Center},
	pages = {1-64},
	title = {Online Harassment},
	year = 2014
}

@misc{u.s._department_of_health_and_human_services_what_2012,
	abstract = {Cyberbullying uses electronic devices like computers and phones.},
	author = {U.S. Department of Health {and} Human Services},
	file = {Snapshot:/Users/josh/Dropbox/Zotero/storage/V4CGHTX8/index.html:text/html},
	journal = {stopbullying.gov},
	language = {en-us},
	month = {mar,},
	title = {What is {Cyberbullying}},
	url = {https://www.stopbullying.gov/cyberbullying/what-is-it/index.html},
	urldate = {2017-05-15},
	year = 2012
}

@inproceedings{Abbassi2013Diversity,
	address = {New York, NY, USA},
	author = {Abbassi, Zeinab and Mirrokni, Vahab S. and Thakur, Mayur},
	booktitle = {Proceedings of the 19th ACM SIGKDD International Conference on Knowledge Discovery and Data Mining},
	doi = {10.1145/2487575.2487636},
	isbn = {978-1-4503-2174-7},
	pages = {32-40},
	publisher = {ACM},
	series = {KDD '13},
	title = {Diversity Maximization Under Matroid Constraints},
	url = {http://doi.acm.org/10.1145/2487575.2487636},
	year = 2013
}

@article{Cohen2015Transgender,
	author = {Cohen, Noah and Spoto, MaryAnn},
	journal = {NJ.com},
	title = {Transgender N.J. Game Developer Jumps from GWB After Online Bullying},
	url = {http://www.nj.com/monmouth/index.ssf/2015/04/post\_18.html},
	year = 2015
}

@article{Sood2012Automatic,
	author = {Sood, Sara Owsley and Churchill, Elizabeth F. and Antin, Judd},
	journal = {Journal of the American Society for Information Science and Technology},
	number = 2,
	pages = {270-285},
	title = {Automatic identification of personal insults on social news sites},
	url = {http://onlinelibrary.wiley.com/doi/10.1002/asi.21690/full},
	volume = 63,
	year = 2012
}


@article{yin_detection_2009,
	title = {Detection of harassment on web 2.0},
	volume = {2},
	url = {http://www.academia.edu/24380322/Detection_of_Harassment_on_Web_2.0},
	urldate = {2016-06-13},
	journal = {Proceedings of the Content Analysis in the WEB},
	author = {Yin, Dawei and Xue, Zhenzhen and Hong, Liangjie and Davison, Brian D. and Kontostathis, April and Edwards, Lynne},
	year = {2009},
	pages = {1--7}
}

@inproceedings{Chen2012Detecting,
	author = {Chen, Ying and Zhou, Yilu and Zhu, Sencun and Xu, Heng},
	booktitle = {Privacy, Security, Risk and Trust (PASSAT), 2012 International Conference on and 2012 International Conference on Social Computing (SocialCom)},
	pages = {71-80},
	publisher = {IEEE},
	title = {Detecting offensive language in social media to protect adolescent online safety},
	url = {http://ieeexplore.ieee.org/xpls/abs\_all.jsp?arnumber=6406271},
	year = 2012
}

@inproceedings{Dadvar2012Towards,
	author = {Dadvar, Maral and Ordelman, Roeland and Jong, Franciska de and Trieschnigg, Dolf},
	booktitle = {Natural Language Processing and Information Systems},
	copyright = {©2012 Springer-Verlag Berlin Heidelberg},
	editor = {Bouma, Gosse and Ittoo, Ashwin and Métais, Elisabeth and Wortmann, Hans},
	isbn = {978-3-642-31177-2 978-3-642-31178-9},
	language = {en},
	number = 7337,
	pages = {277-283},
	publisher = {Springer Berlin Heidelberg},
	series = {Lecture Notes in Computer Science},
	title = {Towards User Modelling in the Combat against Cyberbullying},
	url = {http://link.springer.com/chapter/10.1007/978-3-642-31178-9\_34},
	year = 2012
}

@inproceedings{Dinakar2011Modeling,
	author = {Dinakar, Karthik and Reichart, Roi and Lieberman, Henry},
	booktitle = {The Social Mobile Web},
	title = {Modeling the detection of Textual Cyberbullying.},
	url = {http://www.aaai.org/ocs/index.php/ICWSM/ICWSM11/paper/download/3841Karthik/4384},
	year = 2011
}

@inproceedings{Reynolds2011Using,
	author = {Reynolds, Kelly and Kontostathis, April and Edwards, Lynne},
	booktitle = {Machine Learning and Applications and Workshops (ICMLA), 2011 10th International Conference on},
	pages = {241-244},
	publisher = {IEEE},
	title = {Using machine learning to detect cyberbullying},
	url = {http://ieeexplore.ieee.org/xpls/abs\_all.jsp?arnumber=6147681},
	volume = 2,
	year = 2011
}

@inproceedings{Pater2016Characterizations,
	author = {Pater, Jessica A. and Kim, Moon K. and Mynatt, Elizabeth D. and Fiesler, Casey},
	doi = {10.1145/2957276.2957297},
	isbn = {978-1-4503-4276-6},
	language = {en},
	pages = {369-374},
	publisher = {ACM Press},
	shorttitle = {Characterizations of Online Harassment},
	title = {Characterizations of Online Harassment: Comparing Policies Across Social Media Platforms},
	url = {http://dl.acm.org/citation.cfm?doid=2957276.2957297},
	year = 2016
}

@inproceedings{Boyd2014Bullying,
	address = {New Haven},
	author = {Boyd, Danah},
	booktitle = {It's complicated: the social lives of networked teens},
	isbn = {978-0-300-16631-6},
	lccn = {HQ799.2.I5 B68 2014},
	pages = {128-152},
	publisher = {Yale University Press},
	title = {Bullying: Is Social Media Amplifying Meanness and Cruelty?},
	year = 2014
}

@article{Davis2015Parents,
	author = {Davis, Matthew and Clark, Sarah and Singer, Dianne and Matos-Moreno, Amilcar and Daly Kauffman, Anna},
	journal = {C.S. Mott Children's Hostpital National Poll on Children's Health},
	number = 4,
	pages = {Online},
	title = {Parents conflicted about how to label, punish cyberbullying},
	url = {http://mottnpch.org/reports-surveys/parents-conflicted-about-how-label-punish-cyberbullying},
	volume = 24,
	year = 2015
}

@inproceedings{Guberman2017Challenges,
	author = {Guberman, Joshua and Hemphill, Libby},
	booktitle = {50th Annual Hawaii International Conference on System Sciences (HICSS-50)},
	title = {Challenges in Modifying Existing Scales for Detecting Harassment in Individual Tweets},
	year = 2017
}

@article{Herring1999Rhetorical,
	author = {Herring, Susan C},
	journal = {The Information Society},
	pages = {151-167},
	title = {The Rhetorical Dynamics of Gender Harassment On-Line},
	volume = 15,
	year = 1999
}

@techreport{Lenhart2016Online,
	author = {Lenhart, Amanda and Ybarra, Michele and Zickuhr, Kathryn and Price-Feeney, Myeshia},
	institution = {Data \& Society Research Institute and the Center for Innovative Public Health Research},
	pages = {1-59},
	title = {Online Harrassment, Digital Abuse, and Cyberstalking in America},
	url = {Online Harassment, Digital Abuse, and Cyberstalking in America},
	year = 2016
}

@book{Turkle2015Reclaiming,
	address = {New York},
	author = {Turkle, Sherry},
	edition = {1st edition},
	isbn = {978-1-59420-555-2},
	language = {English},
	publisher = {Penguin Press},
	shorttitle = {Reclaiming Conversation},
	title = {Reclaiming Conversation: The Power of Talk in a Digital Age},
	year = 2015
}

@article{Sheridan2007Is,
	author = {Sheridan, L. P. and Grant, T.},
	doi = {10.1080/10683160701340528},
	issn = {1068-316X, 1477-2744},
	journal = {Psychology, Crime \& Law},
	language = {en},
	number = 6,
	pages = {627-640},
	title = {Is cyberstalking different?},
	url = {http://www.tandfonline.com/doi/abs/10.1080/10683160701340528},
	volume = 13,
	year = 2007
}

@misc{Lenhart2010Cyberbullying,
	author = {Lenhart, Amanda},
	journal = {Pew Research Center: Internet, Science \& Tech},
	shorttitle = {Cyberbullying 2010},
	title = {Cyberbullying 2010: What the Research Tells Us},
	url = {http://www.pewinternet.org/2010/05/06/cyberbullying-2010-what-the-research-tells-us/},
	year = 2010
}

@techreport{Lenhart2007Cyberbullyinga,
	author = {Amanda Lenhart, },
	title = {Cyberbullying},
	url = {http://www.pewinternet.org/2007/06/27/cyberbullying/},
	year = 2007
}

@article{Jones2013Online,
	author = {Jones, Lisa M. and Mitchell, Kimberly J. and Finkelhor, David},
	doi = {10.1037/a0030309},
	issn = {2152-081X, 2152-0828},
	journal = {Psychology of Violence},
	language = {en},
	number = 1,
	pages = {53-69},
	shorttitle = {Online harassment in context},
	title = {Online harassment in context: Trends from three Youth Internet Safety Surveys (2000, 2005, 2010).},
	url = {http://doi.apa.org/getdoi.cfm?doi=10.1037/a0030309},
	volume = 3,
	year = 2013
}

@article{Wolak2007Does,
	author = {Wolak, Janis and Mitchell, Kimberly J and Finkelhor, David},
	journal = {J. Adolesc. Health},
	language = {en},
	number = {6 Suppl 1},
	pages = {S51-8},
	title = {Does online harassment constitute bullying? An exploration of online harassment by known peers and online-only contacts},
	volume = 41,
	year = 2007
}

@article{Moor2010Flaming,
	author = {Moor, Peter J. and Heuvelman, Ard and Verleur, Ria},
	doi = {10.1016/j.chb.2010.05.023},
	issn = 07475632,
	journal = {Computers in Human Behavior},
	language = {en},
	number = 6,
	pages = {1536-1546},
	title = {Flaming on YouTube},
	url = {http://linkinghub.elsevier.com/retrieve/pii/S0747563210001627},
	volume = 26,
	year = 2010
}

@inproceedings{Dadvar2012Cyberbullying,
	address = {New York, NY, USA},
	author = {Dadvar, Maral and de Jong, Franciska},
	booktitle = {Proceedings of the 21st International Conference on World Wide Web},
	doi = {10.1145/2187980.2187995},
	isbn = {978-1-4503-1230-1},
	pages = {121-126},
	publisher = {ACM},
	series = {WWW '12 Companion},
	shorttitle = {Cyberbullying Detection},
	title = {Cyberbullying Detection: A Step Toward a Safer Internet Yard},
	url = {http://doi.acm.org/10.1145/2187980.2187995},
	year = 2012
}

@inproceedings{Guberman2016Quantifying,
	address = {New York, NY, USA},
	author = {Guberman, Joshua and Schmitz, Carol and Hemphill, Libby},
	booktitle = {Proceedings of the 19th ACM Conference on Computer Supported Cooperative Work and Social Computing Companion},
	doi = {10.1145/2818052.2869107},
	isbn = {978-1-4503-3950-6},
	pages = {277-280},
	publisher = {ACM},
	series = {CSCW '16 Companion},
	title = {Quantifying Toxicity and Verbal Violence on Twitter},
	url = {http://doi.acm.org/10.1145/2818052.2869107},
	year = 2016
}

@book{Lenhart2007Cyberbullying,
	author = {Amanda Lenhart},
	title = {Cyberbullying},
	url = {http://www.pewinternet.org/2007/06/27/cyberbullying/},
	year = 2007
}

@article{Cetin2011Cyber,
	author = {Çetin, Bayram and Yaman, Erkan and Peker, Adem},
	copyright = {(c) 2012 APA, all rights reserved},
	doi = {10.1016/j.compedu.2011.06.014},
	issn = {0360-1315(Print)},
	journal = {Computers \& Education},
	number = 4,
	pages = {2261-2271},
	shorttitle = {Cyber victim and bullying scale},
	title = {Cyber victim and bullying scale: A study of validity and reliability},
	volume = 57,
	year = 2011
}

@article{Barlett2017From,
	author = {Barlett, Christopher P.},
	doi = {10.1016/j.chb.2017.02.060},
	issn = 07475632,
	journal = {Computers in Human Behavior},
	language = {en},
	pages = {269-275},
	shorttitle = {From theory to practice},
	title = {From theory to practice: Cyberbullying theory and its application to intervention},
	url = {http://linkinghub.elsevier.com/retrieve/pii/S0747563217301413},
	volume = 72,
	year = 2017
}

@book{Olweus1993Bullying,
	address = {Oxford, UK ; Cambridge, USA},
	author = {Olweus, Dan},
	edition = {1 edition},
	isbn = {978-0-631-19241-1},
	language = {English},
	publisher = {Wiley-Blackwell},
	shorttitle = {Bullying at School},
	title = {Bullying at School: What We Know and What We Can Do},
	year = 1993
}

@misc{Smith2009Internet,
	author = {Smith, Aaron and Schlozman, Kay Lehman and Verba, Sidney and Brady, Henry},
	journal = {Pew Research Center: Internet, Science \& Tech},
	title = {The Internet and Civic Engagement},
	url = {http://www.pewinternet.org/2009/09/01/the-internet-and-civic-engagement/},
	year = 2009
}

@article{Grigg2010CyberAggression,
	author = {Grigg, Dorothy Wunmi},
	doi = {10.1375/ajgc.20.2.143},
	issn = 10372911,
	journal = {Australian Journal of Guidance \& Counselling},
	number = 2,
	pages = {143-156},
	shorttitle = {Cyber-Aggression},
	title = {Cyber-Aggression: Definition and Concept of Cyberbullying},
	url = {https://ezproxy.gl.iit.edu/login?url=http://search.ebscohost.com/login.aspx?direct=true\&db=a9h\&AN=56594321\&site=ehost-live},
	volume = 20,
	year = 2010
}

@article{Vandebosch2008Defining,
	author = {Vandebosch, Heidi and Van Cleemput, Katrien},
	doi = {10.1089/cpb.2007.0042},
	issn = {1094-9313, 1557-8364},
	journal = {CyberPsychology \& Behavior},
	language = {en},
	number = 4,
	pages = {499-503},
	shorttitle = {Defining Cyberbullying},
	title = {Defining Cyberbullying: A Qualitative Research into the Perceptions of Youngsters},
	url = {http://www.liebertonline.com/doi/abs/10.1089/cpb.2007.0042},
	volume = 11,
	year = 2008
}

@article{Smith2008Cyberbullying,
	author = {Smith, Peter K. and Mahdavi, Jess and Carvalho, Manuel and Fisher, Sonja and Russell, Shanette and Tippett, Neil},
	doi = {10.1111/j.1469-7610.2007.01846.x},
	issn = {0021-9630, 1469-7610},
	journal = {Journal of Child Psychology and Psychiatry},
	language = {en},
	number = 4,
	pages = {376-385},
	shorttitle = {Cyberbullying},
	title = {Cyberbullying: its nature and impact in secondary school pupils},
	url = {http://doi.wiley.com/10.1111/j.1469-7610.2007.01846.x},
	volume = 49,
	year = 2008
}

@article{Dooley2009Cyberbullying,
	author = {Dooley, Julian J. and Py?alski, Jacek and Cross, Donna},
	doi = {10.1027/0044-3409.217.4.182},
	issn = {0044-3409},
	journal = {Zeitschrift f?r Psychologie / Journal of Psychology},
	language = {en},
	number = 4,
	pages = {182-188},
	shorttitle = {Cyberbullying Versus Face-to-Face Bullying},
	title = {Cyberbullying Versus Face-to-Face Bullying: A Theoretical and Conceptual Review},
	url = {http://econtent.hogrefe.com/doi/abs/10.1027/0044-3409.217.4.182},
	volume = 217,
	year = 2009
}

@article{Grigg2012Definitional,
	author = {Grigg, Dorothy W.},
	doi = {10.1108/17596591211270699},
	issn = {1759-6599},
	journal = {Journal of Aggression, Conflict and Peace Research},
	language = {en},
	number = 4,
	pages = {202-215},
	shorttitle = {Definitional constructs of cyber-bullying and cyber-aggression from a triangulatory overview},
	title = {Definitional constructs of cyber-bullying and cyber-aggression from a triangulatory overview: a preliminary study into elements of cyber-bullying},
	url = {http://www.emeraldinsight.com/doi/10.1108/17596591211270699},
	volume = 4,
	year = 2012
}
